<?xml version="1.0" encoding="UTF-8"?><collection xmlns="http://www.loc.gov/MARC21/slim"><record><leader>00317nam--2200121-i-4500</leader><controlfield tag="001">000042296</controlfield><controlfield tag="002">20161230</controlfield><controlfield tag="005">20161230201043</controlfield><controlfield tag="008">060222s1000------------r-----000-0-eng-d</controlfield><datafield ind1=" " ind2=" " tag="100"><subfield code="a">Sorum,C.H</subfield></datafield><datafield ind1=" " ind2=" " tag="245"><subfield code="a">Fundamentals of general chemistry</subfield></datafield><datafield ind1=" " ind2=" " tag="260"><subfield code="a">Englewood Cliffs, Prentice-hall,Inc.,1958. Ix + 588 P</subfield></datafield><datafield ind1=" " ind2=" " tag="852"><subfield code="a">14881</subfield></datafield></record></collection>